@inproceedings{krintz2018estimating,
  title={Estimating outdoor temperature from CPU temperature for IoT applications in agriculture},
  author={Krintz, Chandra and Wolski, Rich and Golubovic, Nevena and Bakir, Fatih},
  booktitle={Proceedings of the 8th International Conference on the Internet of Things},
  pages={11},
  year={2018},
  organization={ACM}
}